<record><leader>00000cas a2200000 a 4500</leader><controlfield tag="001">38527366</controlfield><controlfield tag="008">980227d19361951cauwr ne      0    0eng c</controlfield><datafield ind1=" " ind2=" " tag="010"><subfield code="a">sn 98061534 </subfield></datafield><datafield ind1=" " ind2=" " tag="040"><subfield code="a">CNK</subfield><subfield code="b">eng</subfield><subfield code="c">CNK</subfield><subfield code="d">OCLCQ</subfield><subfield code="d">OCLCF</subfield><subfield code="d">OCLCO</subfield></datafield><datafield ind1=" " ind2=" " tag="042"><subfield code="a">pcc</subfield></datafield><datafield ind1=" " ind2=" " tag="043"><subfield code="a">n-us-ca</subfield></datafield><datafield ind1="0" ind2="4" tag="245"><subfield code="a">The greater southeast bulletin.</subfield></datafield><datafield ind1="1" ind2=" " tag="246"><subfield code="i">Issues for July 21-Sept. 4, 1941 and Jan. 26-Oct. 12, 1950 published as:</subfield><subfield code="a">Bulletin</subfield></datafield><datafield ind1=" " ind2=" " tag="260"><subfield code="a">Huntington Park, Calif. :</subfield><subfield code="b">Max R. Ward</subfield></datafield><datafield ind1=" " ind2=" " tag="300"><subfield code="a">v.</subfield></datafield><datafield ind1=" " ind2=" " tag="310"><subfield code="a">Weekly,</subfield><subfield code="b">Feb. 11, 1943-May 10, 1951</subfield></datafield><datafield ind1=" " ind2=" " tag="321"><subfield code="a">Semiweekly,</subfield><subfield code="b">Apr. 20, 1936-Feb. 8, 1943</subfield></datafield><datafield ind1="0" ind2=" " tag="362"><subfield code="a">Vol. 4, no. 35 (Apr. 20, 1936)-v. 20, no. 48 (May 10, 1951).</subfield></datafield><datafield ind1=" " ind2=" " tag="500"><subfield code="a">"The Bulletin covers Huntington Park, Walnut Park, Maywood, Bell, South Gate, Cudahy, and Bell Gardens."</subfield></datafield><datafield ind1=" " ind2="0" tag="651"><subfield code="a">Huntington Park (Calif.)</subfield><subfield code="v">Newspapers.</subfield></datafield><datafield ind1=" " ind2="0" tag="651"><subfield code="a">Los Angeles County (Calif.)</subfield><subfield code="v">Newspapers.</subfield></datafield><datafield ind1=" " ind2="7" tag="655"><subfield code="a">Newspapers.</subfield><subfield code="2">fast</subfield><subfield code="0">(OCoLC)fst01423814</subfield></datafield><datafield ind1=" " ind2="7" tag="651"><subfield code="a">California</subfield><subfield code="z">Huntington Park.</subfield><subfield code="2">fast</subfield><subfield code="0">(OCoLC)fst01232215</subfield></datafield><datafield ind1=" " ind2="7" tag="651"><subfield code="a">California</subfield><subfield code="z">Los Angeles County.</subfield><subfield code="2">fast</subfield><subfield code="0">(OCoLC)fst01205194</subfield></datafield><datafield ind1=" " ind2=" " tag="752"><subfield code="a">United States</subfield><subfield code="b">California</subfield><subfield code="c">Los Angeles</subfield><subfield code="d">Huntington Park.</subfield></datafield><datafield ind1="0" ind2=" " tag="775"><subfield code="t">South Los Angeles bulletin (Los Angeles, Calif. : 1935)</subfield><subfield code="w">(DLC)sn 98061532</subfield></datafield><datafield ind1="0" ind2="0" tag="780"><subfield code="t">Huntington Park bulletin (Huntington Park, Calif. : 1935)</subfield><subfield code="w">(DLC)sn 98061533</subfield></datafield><datafield ind1="0" ind2="0" tag="785"><subfield code="t">Bulletin (Huntington Park, Calif. : 1951)</subfield><subfield code="w">(DLC)sn 94051566</subfield></datafield></record>